<?xml version="1.0" encoding="UTF-8"?><collection xmlns="http://www.loc.gov/MARC21/slim"><record><leader>00582nam--2200181-i-4500</leader><controlfield tag="001">000011363</controlfield><controlfield tag="002">20161230</controlfield><controlfield tag="005">20161230201029</controlfield><controlfield tag="008">060222s1000------------r-----000-0-fre-d</controlfield><datafield ind1=" " ind2=" " tag="040"><subfield code="a">IFIN-HH</subfield></datafield><datafield ind1=" " ind2=" " tag="041"><subfield code="a">fre</subfield></datafield><datafield ind1=" " ind2=" " tag="080"><subfield code="a">539.12.162.8(043)</subfield></datafield><datafield ind1="1" ind2=" " tag="100"><subfield code="a">Barrier, Michel</subfield></datafield><datafield ind1="1" ind2="0" tag="245"><subfield code="a">Recherche de processus diffractifs dans les interactions de teta + de 11,7 gev/c sur deuterium produisant 4 particules chargees dans l etat final</subfield><subfield code="b">These</subfield><subfield code="c">Michel barrier</subfield></datafield><datafield ind1=" " ind2=" " tag="260"><subfield code="a">Paris</subfield><subfield code="b">Universite Paris Vi</subfield><subfield code="c">1973</subfield></datafield><datafield ind1=" " ind2=" " tag="300"><subfield code="a">81 P</subfield></datafield><datafield ind1=" " ind2=" " tag="852"><subfield code="a">42179</subfield><subfield code="c">539.12</subfield></datafield><datafield ind1=" " ind2=" " tag="CAT"><subfield code="a">Sys</subfield><subfield code="c">20111124</subfield><subfield code="h">130816</subfield></datafield></record></collection>